<record><leader>00000cas a22000007a 4500</leader><controlfield tag="001">30825853</controlfield><controlfield tag="008">940725c199u9999nyuwr ne      0    0eng d</controlfield><datafield ind1=" " ind2=" " tag="010"><subfield code="a">sn 94057636 </subfield></datafield><datafield ind1=" " ind2=" " tag="040"><subfield code="a">NYS</subfield><subfield code="b">eng</subfield><subfield code="c">NYS</subfield><subfield code="d">OCLCQ</subfield><subfield code="d">OCLCF</subfield><subfield code="d">OCLCO</subfield></datafield><datafield ind1="1" ind2=" " tag="029"><subfield code="a">AU@</subfield><subfield code="b">000021636025</subfield></datafield><datafield ind1=" " ind2=" " tag="042"><subfield code="a">msc</subfield></datafield><datafield ind1=" " ind2=" " tag="043"><subfield code="a">n-us-ny</subfield></datafield><datafield ind1="0" ind2=" " tag="130"><subfield code="a">Echo (Berlin, N.Y. : Hoosick Falls ed.)</subfield></datafield><datafield ind1="1" ind2="4" tag="245"><subfield code="a">The echo.</subfield></datafield><datafield ind1=" " ind2=" " tag="250"><subfield code="a">Hoosick Falls ed.</subfield></datafield><datafield ind1=" " ind2=" " tag="260"><subfield code="a">Berlin, N.Y. :</subfield><subfield code="b">Echo Pub. Co.</subfield></datafield><datafield ind1=" " ind2=" " tag="300"><subfield code="a">v.</subfield></datafield><datafield ind1=" " ind2=" " tag="310"><subfield code="a">Weekly</subfield></datafield><datafield ind1=" " ind2=" " tag="500"><subfield code="a">Also called: Northern Rensselaer County ed.</subfield></datafield><datafield ind1=" " ind2=" " tag="515"><subfield code="a">May 26, 1993 issue misnumbered and misdated Oct. 15, 1992.</subfield></datafield><datafield ind1=" " ind2=" " tag="588"><subfield code="a">Description based on: Vol. 53, no. 21 [sic] (May 26, 1993).</subfield></datafield><datafield ind1=" " ind2="0" tag="651"><subfield code="a">Hoosick Falls (N.Y.)</subfield><subfield code="v">Newspapers.</subfield></datafield><datafield ind1=" " ind2="0" tag="651"><subfield code="a">Rensselaer County (N.Y.)</subfield><subfield code="v">Newspapers.</subfield></datafield><datafield ind1=" " ind2="4" tag="651"><subfield code="a">Berlin (N.Y.)</subfield><subfield code="v">Newspapers.</subfield></datafield><datafield ind1=" " ind2="7" tag="655"><subfield code="a">Newspapers.</subfield><subfield code="2">fast</subfield><subfield code="0">(OCoLC)fst01423814</subfield></datafield><datafield ind1=" " ind2="7" tag="651"><subfield code="a">New York (State)</subfield><subfield code="z">Hoosick Falls.</subfield><subfield code="2">fast</subfield><subfield code="0">(OCoLC)fst01229431</subfield></datafield><datafield ind1=" " ind2="7" tag="651"><subfield code="a">New York (State)</subfield><subfield code="z">Rensselaer County.</subfield><subfield code="2">fast</subfield><subfield code="0">(OCoLC)fst01211827</subfield></datafield><datafield ind1=" " ind2=" " tag="752"><subfield code="a">United States</subfield><subfield code="b">New York</subfield><subfield code="c">Rensselaer</subfield><subfield code="d">Berlin.</subfield></datafield><datafield ind1=" " ind2=" " tag="752"><subfield code="a">United States</subfield><subfield code="b">New York</subfield><subfield code="c">Rensselaer</subfield><subfield code="d">Hoosick Falls.</subfield></datafield><datafield ind1="0" ind2=" " tag="775"><subfield code="t">Echo (New Lebanon, N.Y.)</subfield><subfield code="w">(DLC)sn 84031791</subfield></datafield><datafield ind1="0" ind2=" " tag="775"><subfield code="t">Echo (Berlin, N.Y. : Averill Park-Sand Lake ed.)</subfield><subfield code="w">(DLC)sn 94057637</subfield></datafield></record>